@misc{pe_header,
  title = {Wikipedia},
  url = {https://upload.wikimedia.org/wikipedia/commons/1/1b/Portable_Executable_32_bit_Structure_in_SVG_fixed.svg},
  note = {Ultimo accesso: 2 gennaio 2025}
}

@misc{ember,
	title={EMBER: An Open Dataset for Training Static PE Malware Machine Learning Models}, 
	author={Hyrum S. Anderson and Phil Roth},
	year={2018},
	eprint={1804.04637},
	archivePrefix={arXiv},
	primaryClass={cs.CR},
	url={https://arxiv.org/abs/1804.04637}, 
}
@misc{lief,
	title = {LIEF: Library to Instrument Executable Formats},
	url = {https://lief.re},
	note = {Ultimo accesso: 2 gennaio 2025}
}

@misc{pe,
	title = {Formato PE},
	url = {https://learn.microsoft.com/it-it/windows/win32/debug/pe-format},
	note = {Ultimo accesso: 2 gennaio 2025}
}


@misc{clingo_api,
	title = {Clingo API documentation},
	url = {https://potassco.org/clingo/python-api/5.4/},
	note = {Ultimo accesso: 2 gennaio 2025}
}


